@misc{trotino2021building,
  author = {Trotino, Gil},
  title = {Building Data Pipelines: Capabilities, Benefits, and Challenges},
  year = {2021},
  howpublished = {\url{https://www.k2view.com/blog/what-is-a-data-pipeline/\#Clean-Data-Wanted}},
  journal = {K2view Blog}
}

@inproceedings{hinze2009event,
  title={Event-based applications and enabling technologies},
  author={Hinze, Annika and Sachs, Kai and Buchmann, Alejandro},
  booktitle={Proceedings of the Third ACM International Conference on Distributed Event-Based Systems},
  pages={1--15},
  year={2009}
}

@inproceedings{sahay2020supporting,
  title={Supporting the understanding and comparison of low-code development platforms},
  author={Sahay, Apurvanand and Indamutsa, Arsene and Di Ruscio, Davide and Pierantonio, Alfonso},
  booktitle={2020 46th Euromicro Conference on Software Engineering and Advanced Applications (SEAA)},
  pages={171--178},
  year={2020},
  organization={IEEE}
}

@techreport{systematics2005traffic,
  title={Traffic congestion and reliability: Trends and advanced strategies for congestion mitigation},
  author={Systematics, Cambridge},
  year={2005},
  institution={United States. Federal Highway Administration}
}

@article{hu2021digital,
  title={Digital twin-assisted real-time traffic data prediction method for 5G-enabled internet of vehicles},
  author={Hu, Chunhua and Fan, Weicun and Zeng, Elan and Hang, Zhi and Wang, Fan and Qi, Lianyong and Bhuiyan, Md Zakirul Alam},
  journal={IEEE Transactions on Industrial Informatics},
  volume={18},
  number={4},
  pages={2811--2819},
  year={2021},
  publisher={IEEE}
}

@article{gomes2019machine,
  title={Machine learning for streaming data: state of the art, challenges, and opportunities},
  author={Gomes, Heitor Murilo and Read, Jesse and Bifet, Albert and Barddal, Jean Paul and Gama, Jo{\~a}o},
  journal={ACM SIGKDD Explorations Newsletter},
  volume={21},
  number={2},
  pages={6--22},
  year={2019},
  publisher={ACM New York, NY, USA}
}

@article{jd2021anaximander,
  title={Anaximander: The Rapid Application Development Framework for Data-intensive Python.},
  author={JD Margulici},
  year={2022},
  organization = {Novavia Solutions. }
}

@techreport{garrett2020integrated,
  title={Integrated Modeling for Road Condition Prediction Phase 3 Project Report},
  author={Garrett, J Kyle and Ma, Jiaqi and Mahmassani, Hani and Neuner, Michelle and Sanchez, Robert and others},
  year={2020},
  institution={United States. Federal Highway Administration. Office of Operations}
}

@book{damji2020learning,
  title={"Learning Spark"},
  author={Damji, Jules S and Wenig, Brooke and Das, Tathagata and Lee, Denny},
  year={2020},
  publisher={O'Reilly Media, Inc.}
}

@inproceedings{park2011real,
  title={Real time vehicle speed prediction using a neural network traffic model},
  author={Park, Jungme and Li, Dai and Murphey, Yi L and Kristinsson, Johannes and McGee, Ryan and Kuang, Ming and Phillips, Tony},
  booktitle={The 2011 International Joint Conference on Neural Networks},
  pages={2991--2996},
  year={2011},
  organization={IEEE}
}

@online{bob2023freeway,
    title = {Freeway facilities â€“ HCM segmentation process},
    author = {Bob Aghdashi},
    date = {2023},
    organization = {University of Florida, Transportation Institute},
    url = {https://www.youtube.com/watch?v=3A9SPRCnUHs},
}

@inproceedings{tempelmeier2020ta,
  title={TA-Dash: an interactive dashboard for spatial-temporal traffic analytics},
  author={Tempelmeier, Nicolas and Sander, Anzumana and Feuerhake, Udo and L{\"o}hdefink, Martin and Demidova, Elena},
  booktitle={Proceedings of the 28th International Conference on Advances in Geographic Information Systems},
  pages={409--412},
  year={2020}
}

@article{zafar2020traffic,
  title={Traffic congestion prediction based on Estimated Time of Arrival},
  author={Zafar, Noureen and Ul Haq, Irfan},
  journal={PloS one},
  volume={15},
  number={12},
  pages={e0238200},
  year={2020},
  publisher={Public Library of Science San Francisco, CA USA}
}

@article{fortune2020us,
  title={U.S. Internet of Things (IoT) Market Size, Growth, Forecast, 2030},
  author={Fortune Business Insights},
  journal={Market Research Report},
  pages={110},
  year={2023},
  publisher={Fortune Business Insights}
}